@article{dunatunga2017,
  title={Continuum modeling of projectile impact and penetration in dry granular media},
  author={Dunatunga, Sachith and Kamrin, Ken},
  journal={Journal of the Mechanics and Physics of Solids},
  volume={100},
  pages={45--60},
  year={2017},
  publisher={Elsevier}
}

@article{sulsky1994,
  title={A particle method for history-dependent materials},
  author={Sulsky, Deborah and Chen, Zhen and Schreyer, Howard L},
  journal={Computer methods in applied mechanics and engineering},
  volume={118},
  number={1-2},
  pages={179--196},
  year={1994},
  publisher={Elsevier}
}

@article{huang2011,
  title={Contact algorithms for the material point method in impact and penetration simulation},
  author={Huang, Peng and Zhang, X and Ma, S and Huang, X},
  journal={International journal for numerical methods in engineering},
  volume={85},
  number={4},
  pages={498--517},
  year={2011},
  publisher={Wiley Online Library}
}

@book{gurtin2010,
  title={The mechanics and thermodynamics of continua},
  author={Gurtin, Morton E and Fried, Eliot and Anand, Lallit},
  year={2010},
  publisher={Cambridge University Press}
}


